@misc {KovesiMATLABCode,
author = "P. D. Kovesi",
title = "{MATLAB} and {Octave} Functions for Computer Vision and Image Processing",
howpublished = "{C}entre for {E}xploration {T}argeting, {S}chool of {E}arth and {E}nvironment,
                {T}he {U}niversity of {W}estern {A}ustralia",
note = "Available from: $<$http://www.csse.uwa.edu.au/$\sim$pk/research/matlabfns/$>$",
}

@article{Leu1988231,
title = "Polygonal approximation of 2-D shapes through boundary merging ",
journal = "Pattern Recognition Letters ",
volume = "7",
number = "4",
pages = "231 - 238",
year = "1988",
note = "",
issn = "0167-8655",
doi = "http://dx.doi.org/10.1016/0167-8655(88)90107-9",
url = "http://www.sciencedirect.com/science/article/pii/0167865588901079",
author = "Jia-Guu Leu and Limin Chen",
keywords = "Imagery pattern recognition",
keywords = "shape representation",
keywords = "polygonal approximation",
keywords = "digital arcs "
}

@article{Per-Olof Persson2004,
author = {Per-Olof Persson and Gilbert Strang},
title = {A Simple Mesh Generator in MATLAB},
journal = {SIAM Review},
volume = {46},
number = {2},
pages = {329-345},
year = {2004},
doi = {10.1137/S0036144503429121},

URL = { 
        http://dx.doi.org/10.1137/S0036144503429121
    
},
eprint = { 
        http://dx.doi.org/10.1137/S0036144503429121
    
}
}