
@ARTICLE{Alenya2013, 
 author={Alenya, G. and Dellen, B. and Foix, S. and Torras, C.}, 
 journal={Robotics Automation Magazine, IEEE}, 
 title={Robotized Plant Probing: Leaf Segmentation Utilizing Time-of-Flight Data}, 
 year={2013}, 
 month={Sept}, 
 volume={20}, 
 number={3}, 
 pages={50-59}, 
 doi={10.1109/MRA.2012.2230118}, 
 ISSN={1070-9932}
}
 
@INPROCEEDINGS{Dellen2011, 
 author={Dellen, B. and Alenya, G. and Foix, S. and Torras, C.}, 
 booktitle={Applications of Computer Vision (WACV), 2011 IEEE Workshop on}, 
 title={Segmenting color images into surface patches by exploiting sparse depth data}, 
 year={2011}, 
 month={Jan}, 
 pages={591-598}, 
 doi={10.1109/WACV.2011.5711558}, 
 ISSN={1550-5790}
}
 
@article{walter2015plant1,
  title={Plant phenotyping: from bean weighing to image analysis},
  author={Walter, Achim and Liebisch, Frank and Hund, Andreas},
  journal={Plant methods},
  volume={11},
  number={1},
  pages={14},
  year={2015}
}
 
 
@article{cobb2013next,
  title={Next-generation phenotyping: requirements and strategies for enhancing our understanding of genotype--phenotype relationships and its relevance to crop improvement},
  author={Cobb, Joshua N and DeClerck, Genevieve and Greenberg, Anthony and Clark, Randy and McCouch, Susan},
  journal={Theoretical and Applied Genetics},
  volume={126},
  number={4},
  pages={867--887},
  year={2013}
} 

@article{leister1999large,
  title={Large-scale evaluation of plant growth in Arabidopsis thaliana by non-invasive image analysis},
  author={Leister, Dario and Varotto, Claudio and Pesaresi, Paolo and Niwergall, Alexandra and Salamini, Francesco},
  journal={Plant Physiology and Biochemistry},
  volume={37},
  number={9},
  pages={671--678},
  year={1999}
}

@article{muller2015leaf,
  title={The leaf angle distribution of natural plant populations: assessing the canopy with a novel software tool},
  author={M{\"u}ller-Linow, Mark and Pinto-Espinosa, Francisco and Scharr, Hanno and Rascher, Uwe},
  journal={Plant methods},
  volume={11},
  number={1},
  pages={11},
  year={2015}
}
@inproceedings{Quan:2006,
 author = {Quan, Long and Tan, Ping and Zeng, Gang and Yuan, Lu and Wang, Jingdong and Kang, Sing Bing},
 title = {Image-based Plant Modeling},
 booktitle = {ACM SIGGRAPH 2006 Papers},
 series = {SIGGRAPH '06},
 year = {2006},
 isbn = {1-59593-364-6},
 location = {Boston, Massachusetts},
 pages = {599--604},
 numpages = {6},
 url = {http://doi.acm.org.proxy1.cl.msu.edu/10.1145/1179352.1141929},
 doi = {10.1145/1179352.1141929},
 acmid = {1141929},
 publisher = {ACM},
 address = {New York, NY, USA},
 keywords = {image-based modeling, photography, plant modeling, tree modeling},
} 

@article{Bradley:2013,
 author = {Bradley, Derek and Nowrouzezahrai, Derek and Beardsley, Paul},
 title = {Image-based Reconstruction and Synthesis of Dense Foliage},
 journal = {ACM Trans. Graph.},
 issue_date = {July 2013},
 volume = {32},
 number = {4},
 month = jul,
 year = {2013},
 issn = {0730-0301},
 pages = {74:1--74:10},
 articleno = {74},
 numpages = {10},
 url = {http://doi.acm.org.proxy1.cl.msu.edu/10.1145/2461912.2461952},
 doi = {10.1145/2461912.2461952},
 acmid = {2461952},
 publisher = {ACM},
 address = {New York, NY, USA},
 keywords = {flora reconstruction, image-based plant modeling, leaf synthesis},
} 