@inproceedings{lai2011,
  title={A large-scale hierarchical multi-view rgb-d object dataset},
  author={Lai, Kevin and Bo, Liefeng and Ren, Xiaofeng and Fox, Dieter},
  booktitle={IEEE International Conference on Robotics and Automation (ICRA)},
  pages={1817--1824},
  year={2011}
}

@inproceedings{Silberman2011,
  title={Indoor scene segmentation using a structured light sensor},
  author={Silberman, Nathan and Fergus, Rob},
  booktitle={IEEE International Conference on Computer Vision Workshops (ICCV Workshops)},
  pages={601--608},
  year={2011}
}


@article{Sung2011,
  title={Human Activity Detection from RGBD Images.},
  author={Sung, Jaeyong and Ponce, Colin and Selman, Bart and Saxena, Ashutosh},
  journal   = {CoRR},
  volume={64},
  year={2011}
}


@inproceedings{Barbosa:reid12,
  title={Re-identification with rgb-d sensors},
  author={Barbosa, Igor Barros and Cristani, Marco and Del Bue, Alessio and Bazzani, Loris and Murino, Vittorio},
  booktitle={First International Workshop on Re-Identification},
  pages={433--442},
  year={2012},
}

@InProceedings{sturm12iros,
	author={Sturm, J{\"u}rgen and Engelhard, Nikolas and Endres, Felix and Burgard, Wolfram and Cremers, Daniel},
	title = "A Benchmark for the Evaluation of RGB-D SLAM Systems",
	booktitle = "Proceedings of the International Conference on Intelligent Robot Systems (IROS)",
	year = "2012",
    pages={573--580},
}
